<?xml version="1.0" encoding="UTF-8"?><collection xmlns="http://www.loc.gov/MARC21/slim"><record><leader>00382nam--2200133-i-4500</leader><controlfield tag="001">000044886</controlfield><controlfield tag="002">20161230</controlfield><controlfield tag="005">20161230201044</controlfield><controlfield tag="008">060222s1000------------r-----000-0-eng-d</controlfield><datafield ind1=" " ind2=" " tag="100"><subfield code="a">Titeica, Radu</subfield></datafield><datafield ind1=" " ind2=" " tag="245"><subfield code="a">Spectres de vibration et structure des molecules polyatomiques</subfield></datafield><datafield ind1=" " ind2=" " tag="260"><subfield code="a">Paris, Hermann, 1936, 68p</subfield></datafield><datafield ind1=" " ind2=" " tag="490"><subfield code="a">Actualites Scientifiques ... 334 Atomistique</subfield></datafield><datafield ind1=" " ind2=" " tag="852"><subfield code="a">2275</subfield></datafield></record></collection>